<?xml version="1.0" encoding="UTF-8"?><collection xmlns="http://www.loc.gov/MARC21/slim"><record><leader>00569nam--2200193-i-4500</leader><controlfield tag="001">000016879</controlfield><controlfield tag="002">20161230</controlfield><controlfield tag="005">20170117235728</controlfield><controlfield tag="008">060222s1000------------r-----000-0-fre-d</controlfield><datafield ind1=" " ind2=" " tag="040"><subfield code="a">IFIN-HH</subfield></datafield><datafield ind1=" " ind2=" " tag="041"><subfield code="a">fre</subfield></datafield><datafield ind1=" " ind2=" " tag="080"><subfield code="a">539.12:524.3(061.3)</subfield></datafield><datafield ind1="1" ind2=" " tag="100"><subfield code="a">Barloutaud, R</subfield></datafield><datafield ind1="1" ind2="0" tag="245"><subfield code="a">Theories unifiees: implications cosmologique</subfield><subfield code="c">R. Barloutaud, J.F. Cavaignac, N. Nanopoulos</subfield></datafield><datafield ind1=" " ind2=" " tag="260"><subfield code="a">Gif-sur-yvette</subfield><subfield code="b">Institut National De Physique Nucleaire</subfield><subfield code="c">1980</subfield></datafield><datafield ind1=" " ind2=" " tag="300"><subfield code="a">II + 117 P</subfield></datafield><datafield ind1="1" ind2=" " tag="700"><subfield code="a">Nanopoulos, D. V</subfield></datafield><datafield ind1=" " ind2=" " tag="852"><subfield code="a">78972</subfield><subfield code="c">523</subfield></datafield><datafield ind1=" " ind2=" " tag="CAT"><subfield code="a">SYS</subfield><subfield code="c">20170117</subfield><subfield code="h">235728</subfield></datafield></record></collection>